<record><leader>00000cas a22000007a 4500</leader><controlfield tag="001">9820149</controlfield><controlfield tag="008">830818d18691891riuwr ne      0    0eng d</controlfield><datafield ind1=" " ind2=" " tag="010"><subfield code="a">sn 83021113 </subfield></datafield><datafield ind1=" " ind2=" " tag="040"><subfield code="a">NPX</subfield><subfield code="b">eng</subfield><subfield code="c">NPX</subfield><subfield code="d">DLC</subfield><subfield code="d">RHN</subfield><subfield code="d">OCLCQ</subfield><subfield code="d">IUL</subfield></datafield><datafield ind1=" " ind2=" " tag="042"><subfield code="a">msc</subfield></datafield><datafield ind1=" " ind2=" " tag="043"><subfield code="a">n-us-ri</subfield></datafield><datafield ind1="0" ind2="0" tag="050"><subfield code="a">Newspaper 9654-X</subfield></datafield><datafield ind1="0" ind2=" " tag="130"><subfield code="a">Weekly visitor (Central Falls, R.I.)</subfield></datafield><datafield ind1="0" ind2="4" tag="245"><subfield code="a">The weekly visitor.</subfield></datafield><datafield ind1=" " ind2=" " tag="260"><subfield code="a">Central Falls, R.I. :</subfield><subfield code="b">E.L. Freeman</subfield></datafield><datafield ind1=" " ind2=" " tag="300"><subfield code="a">v.</subfield></datafield><datafield ind1=" " ind2=" " tag="310"><subfield code="a">Weekly</subfield></datafield><datafield ind1="0" ind2=" " tag="362"><subfield code="a">Vol. 1, no. 1 (Oct. 1, 1869)-v. 22, no. 14 (Jan. 2, 1891).</subfield></datafield><datafield ind1=" " ind2=" " tag="515"><subfield code="a">Vol. 2, no. 1 (Sept. 30, 1870)-v. 22, no. 14 (Jan. 2, 1891) called also whole no. 53-whole no. 1110.</subfield></datafield><datafield ind1=" " ind2=" " tag="530"><subfield code="a">Available in microform from Bell &amp; Howell, Micro-photo division.</subfield></datafield><datafield ind1=" " ind2="4" tag="651"><subfield code="a">Central Falls (R.I.)</subfield><subfield code="v">Newspapers.</subfield></datafield><datafield ind1=" " ind2="4" tag="651"><subfield code="a">Lincoln (R.I. : Town)</subfield><subfield code="v">Newspapers.</subfield></datafield><datafield ind1=" " ind2=" " tag="752"><subfield code="a">United States</subfield><subfield code="b">Rhode Island</subfield><subfield code="c">Providence</subfield><subfield code="d">Central Falls.</subfield></datafield><datafield ind1="0" ind2="7" tag="785"><subfield code="t">Pawtucket record</subfield><subfield code="w">(DLC)sn 92064062</subfield><subfield code="w">(OCoLC)25882125</subfield></datafield><datafield ind1="0" ind2="7" tag="785"><subfield code="t">Record-visitor</subfield><subfield code="w">(DLC)sn 92064065</subfield><subfield code="w">(OCoLC)25882481</subfield></datafield><datafield ind1="1" ind2=" " tag="029"><subfield code="a">AU@</subfield><subfield code="b">000002913278</subfield></datafield></record>